@Manual{bd,
  title = {Гражданский кодекс РФ, ст. 1260},
}

@Online{cuba,
  title  = {CUBA Platform. Developer’s Manual},
  update = {2022-14-07},
  url    = {https://doc.cuba-platform.com/manual-latest/},
}

@Online{psql,
  title  = {PostgreSQL: The World's Most Advanced Open Source Relational Database},
  update = {2022-14-07},
  url    = {https://www.postgresql.org/},
}

@Online{cuba-ver,
  title  = {Навигация по стабильным версиям},
  update = {2022-14-07},
  url    = {https://www.jmix.ru/cuba-platform/framework/versioning/},
}

@Comment{jabref-meta: databaseType:bibtex;}
